<record><leader>00000cas a22000007a 4500</leader><controlfield tag="001">19359408</controlfield><controlfield tag="008">890314d19161916ndudr ne      0    0eng d</controlfield><datafield ind1=" " ind2=" " tag="010"><subfield code="a">sn 89074035 </subfield></datafield><datafield ind1=" " ind2=" " tag="040"><subfield code="a">NOP</subfield><subfield code="b">eng</subfield><subfield code="c">NOP</subfield><subfield code="d">OCLCQ</subfield></datafield><datafield ind1=" " ind2=" " tag="042"><subfield code="a">msc</subfield></datafield><datafield ind1="0" ind2=" " tag="130"><subfield code="a">Minot daily optic-reporter (Minot, N.D. : 1916)</subfield></datafield><datafield ind1="1" ind2="0" tag="245"><subfield code="a">Minot daily optic-reporter.</subfield></datafield><datafield ind1=" " ind2=" " tag="250"><subfield code="a">Morning ed.</subfield></datafield><datafield ind1=" " ind2=" " tag="260"><subfield code="a">Minot, N.D. :</subfield><subfield code="b">Optic-Reporter Pub. Co.</subfield></datafield><datafield ind1=" " ind2=" " tag="300"><subfield code="a">1 v. :</subfield><subfield code="b">ill. ;</subfield><subfield code="c">55 cm.</subfield></datafield><datafield ind1=" " ind2=" " tag="310"><subfield code="a">Daily</subfield></datafield><datafield ind1="0" ind2=" " tag="362"><subfield code="a">Vol. 1, no. 1 (Oct. 24, 1916)-v. 1, no. 29 (Nov. 25, 1916).</subfield></datafield><datafield ind1=" " ind2=" " tag="530"><subfield code="a">Available on microfilm from the State Historical Society of North Dakota.</subfield></datafield><datafield ind1=" " ind2=" " tag="752"><subfield code="a">United States</subfield><subfield code="b">North Dakota</subfield><subfield code="c">Ward</subfield><subfield code="d">Minot.</subfield></datafield><datafield ind1="0" ind2=" " tag="775"><subfield code="t">Minot weekly optic-reporter</subfield><subfield code="w">(DLC)sn 89074059</subfield></datafield><datafield ind1="0" ind2=" " tag="775"><subfield code="t">Minot daily optic-reporter (Minot, N.D. : 1914)</subfield><subfield code="w">(DLC)sn 89074032</subfield></datafield><datafield ind1="0" ind2="7" tag="785"><subfield code="t">Minot daily optic-reporter (Minot, N.D. : 1914)</subfield><subfield code="w">(DLC)sn 89074032</subfield></datafield><datafield ind1="0" ind2="7" tag="785"><subfield code="t">Minot daily news and Minot daily optic-reporter (Minot, N.D. : 1916)</subfield><subfield code="w">(DLC)sn 89074033</subfield></datafield></record>